@inproceedings{Eklund2021,
  title={Optimizing life-cycle costs for pumps and powertrains using FMI co-simulation},
  author={Eklund, Miro and Savolainen, Jouni and Lukkari, Antti and Karhela, Tommi},
  booktitle={Modelica Conferences},
  pages={681--689},
  year={2021}
}
